### OURS

@ARTICLE{garcia2019-incenter,
    author = {Garcia, Ronaldo},
    title = {Elliptic Billiards and Ellipses Associated to the 3-Periodic Orbits},
    journal = {American Mathematical Monthly},
    volume={126},
    number={06},
    pages={491--504},
    url={https://doi.org/10.1080/00029890.2019.1593087},
    year = {2019}
}

@article{reznik2020-intelligencer,
title={Can the Elliptic Billiard still surprise us?},
author={Reznik, Dan and Garcia, Ronaldo and Koiller, Jair},
journal={Math Intelligencer},
day={12},
month={12},
year={2019},
url={https://doi.org/10.1007/s00283-019-09951-2},
doi={10.1007/s00283-019-09951-2},
publisher={Springer US},
issn={1866-7414}
}

@unpublished{garcia2020-ellipses,
Author = {Ronaldo Garcia and Dan Reznik and Jair Koiller},
Title = {Loci of 3-periodics in an Elliptic Billiard: why so many ellipses?},
Year = {2020},
Eprint = {arXiv:2001.08041},
url={https://arxiv.org/abs/2001.08041}
}

@unpublished{garcia2020-new-properties,
Author = {Ronaldo Garcia and Dan Reznik and Jair Koiller},
Title = {New Properties of Triangular Orbits in Elliptic Billiards},
Year = {2020},
Eprint = {arXiv:2001.08054},
url={https://arxiv.org/abs/2001.08054}
}

@unpublished{reznik2020-ballet,
Author = {Dan Reznik and Ronaldo Garcia and Jair Koiller},
Title = {The Ballet of Triangle Centers on the Elliptic Billiard},
Year = {2020},
Eprint = {arXiv:2002.00001},
url={https://arxiv.org/abs/2002.00001}
}